<record><leader>00000cas a2200000 a 4500</leader><controlfield tag="001">10016586</controlfield><controlfield tag="008">831015d18uu185unyuwr ne      0    0eng c</controlfield><datafield ind1=" " ind2=" " tag="010"><subfield code="a">sn 83031885 </subfield></datafield><datafield ind1=" " ind2=" " tag="040"><subfield code="a">NPU</subfield><subfield code="b">eng</subfield><subfield code="c">NPU</subfield><subfield code="d">DLC</subfield><subfield code="d">NPX</subfield><subfield code="d">NYG</subfield><subfield code="d">NYS</subfield><subfield code="d">OCL</subfield><subfield code="d">NYS</subfield><subfield code="d">OCLCQ</subfield><subfield code="d">OCLCF</subfield><subfield code="d">OCLCO</subfield></datafield><datafield ind1="1" ind2=" " tag="029"><subfield code="a">AU@</subfield><subfield code="b">000020227473</subfield></datafield><datafield ind1=" " ind2=" " tag="042"><subfield code="a">pcc</subfield></datafield><datafield ind1=" " ind2=" " tag="043"><subfield code="a">n-us-ny</subfield></datafield><datafield ind1="0" ind2="0" tag="050"><subfield code="a">Newspaper 8829-X</subfield></datafield><datafield ind1="0" ind2=" " tag="130"><subfield code="a">Rome sentinel (Rome, N.Y. : 1840)</subfield></datafield><datafield ind1="1" ind2="4" tag="245"><subfield code="a">The Rome sentinel.</subfield></datafield><datafield ind1=" " ind2=" " tag="260"><subfield code="a">Rome, N.Y. :</subfield><subfield code="b">R. Waldby</subfield></datafield><datafield ind1=" " ind2=" " tag="300"><subfield code="a">v. :</subfield><subfield code="b">ill. (chiefly advertisements) ;</subfield><subfield code="c">57-71 cm.</subfield></datafield><datafield ind1=" " ind2=" " tag="310"><subfield code="a">Weekly</subfield></datafield><datafield ind1=" " ind2=" " tag="500"><subfield code="a">Publishers: R. Waldby, &lt;1840&gt;-1845; Utley &amp; Morton, 1845-&lt;1846&gt;; Utley &amp; Rowley, &lt;1847&gt;; A.J. Rowley &amp; Co., 1847-1851; Elon Comstock, 1851-1852; C. &amp; E. Comstock, 1852.</subfield></datafield><datafield ind1=" " ind2=" " tag="500"><subfield code="a">Editor: L.D. Dana, &lt;1842-1843&gt;.</subfield></datafield><datafield ind1=" " ind2=" " tag="500"><subfield code="a">"A journal devoted to the diffusion of useful knowledge, politics, miscellaneous literature, domestic and foreign intelligence."</subfield></datafield><datafield ind1=" " ind2=" " tag="580"><subfield code="a">Daily eds.: Rome daily sentinel (Rome, N.Y. : 1852), 1852-1854; Daily sentinel (Rome, N.Y. : 1854), 1854-&lt;1856&gt;.</subfield></datafield><datafield ind1=" " ind2=" " tag="588"><subfield code="a">Description based on: Vol. 2, no. 32 (June 16, 1840).</subfield></datafield><datafield ind1=" " ind2="0" tag="651"><subfield code="a">Rome (N.Y.)</subfield><subfield code="v">Newspapers.</subfield></datafield><datafield ind1=" " ind2="0" tag="651"><subfield code="a">Oneida County (N.Y.)</subfield><subfield code="v">Newspapers.</subfield></datafield><datafield ind1=" " ind2="7" tag="655"><subfield code="a">Newspapers.</subfield><subfield code="2">fast</subfield><subfield code="0">(OCoLC)fst01423814</subfield></datafield><datafield ind1=" " ind2="7" tag="651"><subfield code="a">New York (State)</subfield><subfield code="z">Oneida County.</subfield><subfield code="2">fast</subfield><subfield code="0">(OCoLC)fst01209049</subfield></datafield><datafield ind1=" " ind2="7" tag="651"><subfield code="a">New York (State)</subfield><subfield code="z">Rome.</subfield><subfield code="2">fast</subfield><subfield code="0">(OCoLC)fst01213046</subfield></datafield><datafield ind1=" " ind2=" " tag="752"><subfield code="a">United States</subfield><subfield code="b">New York</subfield><subfield code="c">Oneida</subfield><subfield code="d">Rome.</subfield></datafield><datafield ind1="1" ind2=" " tag="775"><subfield code="t">Rome daily sentinel (Rome, N.Y. : 1852)</subfield><subfield code="w">(DLC)sn 90066121</subfield><subfield code="w">(OCoLC)20815429</subfield></datafield><datafield ind1="1" ind2=" " tag="775"><subfield code="t">Daily sentinel (Rome, N.Y. : 1854)</subfield><subfield code="w">(DLC)sn 90066122</subfield><subfield code="w">(OCoLC)20815529</subfield></datafield><datafield ind1="0" ind2="0" tag="780"><subfield code="t">Democratic sentinel (Rome, N.Y.)</subfield><subfield code="w">(DLC)sn 83031884</subfield><subfield code="w">(OCoLC)10016564</subfield></datafield><datafield ind1="0" ind2="0" tag="785"><subfield code="t">Rome weekly sentinel</subfield><subfield code="w">(DLC)sn 91066949</subfield><subfield code="w">(OCoLC)24640517</subfield></datafield></record>